<?xml version="1.0" encoding="UTF-8"?><record xmlns="http://www.loc.gov/MARC21/slim" xmlns:cinclude="http://apache.org/cocoon/include/1.0" xmlns:zs="http://www.loc.gov/zing/srw/">
  <leader>00429nz  a2200133n  4500</leader>
  <controlfield tag="001">no2009194839</controlfield>
  <controlfield tag="003">DLC</controlfield>
  <controlfield tag="005">20091206075352.0</controlfield>
  <controlfield tag="008">091204n| acannaabn          |n aaa     c</controlfield>
  <datafield tag="010" ind1=" " ind2=" ">
    <subfield code="a">no2009194839</subfield>
  </datafield>
  <datafield tag="035" ind1=" " ind2=" ">
    <subfield code="a">(OCoLC)oca08327139</subfield>
  </datafield>
  <datafield tag="040" ind1=" " ind2=" ">
    <subfield code="a">MdU-Mu</subfield>
    <subfield code="b">eng</subfield>
    <subfield code="c">MdU-Mu</subfield>
  </datafield>
  <datafield tag="100" ind1="1" ind2=" ">
    <subfield code="a">Hornef, Christian,</subfield>
    <subfield code="d">1971-</subfield>
  </datafield>
  <datafield tag="670" ind1=" " ind2=" ">
    <subfield code="a">Mozart, W.A. Piano sonatas for four hands, 1996, p1995:</subfield>
    <subfield code="b">label (Christian Hornef, piano) insert (b. 1971, Fulda, Germany)</subfield>
  </datafield>
</record>